% This file was created with JabRef 2.7.2.
% Encoding: Cp1252

@article{sutter2007software,
  title={Software and the Concurrency Revolution},
  author={Sutter, H.},
  year={2007}
}

@article{subramanian1999performance,
  title={Performance challenges in object-relational {DBMS}s},
  author={Subramanian, M. and Krishnamurthy, V. and Shores, R.},
  journal={Data Engineering Bulletin},
  volume={22},
  number={2},
  pages={27--31},
  year={1999}
}

@book{parr2007definitive,
  title={The definitive {ANTLR} reference: building domain-specific languages},
  author={Parr, T.},
  year={2007}
}

@article{chen1976entity,
  title={The entity-relationship model - toward a unified view of data},
  author={Chen, P.P.S.},
  journal={ACM Transactions on Database Systems (TODS)},
  volume={1},
  number={1},
  pages={9--36},
  year={1976},
  publisher={ACM}
}

@inproceedings{keller1997mapping,
  title={Mapping Objects to Tables},
  author={Keller, W.},
  booktitle={Proceedings of Second European Conference on Pattern Languages of Programming (EuroPLoP'97). Siemens Technical Report},
  volume={120},
  year={1997},
  organization={Citeseer}
}

@inproceedings{ireland2009classification,
  title={A classification of object-relational impedance mismatch},
  author={Ireland, C. and Bowers, D. and Newton, M. and Waugh, K.},
  booktitle={Advances in Databases, Knowledge, and Data Applications, 2009. DBKDA'09. First International Conference on},
  pages={36--43},
  year={2009},
  organization={IEEE}
}

@article{lethbridge2002object,
  title={Object-Oriented Software Engineering: Practical Software Development using {UML} and {Java}},
  author={Lethbridge, T. and Laganiere, R.},
  year={2002},
  publisher={McGraw-Hill, Inc.}
}

@article{stefik1985object,
  title={Object-oriented programming: Themes and variations},
  author={Stefik, M. and Bobrow, D.G.},
  journal={AI magazine},
  volume={6},
  number={4},
  pages={40},
  year={1985}
}
@article{stroustrup2012software,
  title={Software Development for Infrastructure},
  author={Stroustrup, B.},
  journal={Computer-IEEE Computer Magazine},
  volume={45},
  number={1},
  pages={47},
  year={2012}
}

@article{venkatrao1995sql,
  title={{SQL/CLI} - a new binding style for {SQL}},
  author={Venkatrao, M. and Pizzo, M.},
  journal={ACM SIGMOD Record},
  volume={24},
  number={4},
  pages={72--77},
  year={1995},
  publisher={ACM}
}

@BOOK{bloch2008effective,
  title={Effective Java},
  author={Bloch, J.},
  year=2008,
  publisher={Prentice Hall},
  isbn-13={978-0-321-35668-0},
  isbn-10={0-321-35668-3}
}

@INPROCEEDINGS{baker2011megastore,
  author = {Baker, J. and Bond, C. and Corbett, J.C. and Furman, JJ and Khorlin,
	A. and Larson, J. and L{\'e}on, J.M. and Li, Y. and Lloyd, A. and
	Yushprakh, V.},
  title = {Megastore: Providing scalable, highly available storage for interactive
	services},
  booktitle = {Proc. of CIDR},
  year = {2011}
}

@ARTICLE{chang2008bigtable,
  author = {Chang, F. and Dean, J. and Ghemawat, S. and Hsieh, W.C. and Wallach,
	D.A. and Burrows, M. and Chandra, T. and Fikes, A. and Gruber, R.E.},
  title = {Bigtable: A distributed storage system for structured data},
  journal = {ACM Transactions on Computer Systems (TOCS)},
  year = {2008},
  volume = {26},
  pages = {4},
  number = {2},
  publisher = {ACM}
}

@BOOK{lewis2002databases,
  title = {Databases and Transaction Procesing: An Application-Oriented Approach},
  publisher = {Addison-Wesley},
  year = {2002},
  author = {Lewis, P.M. and Bernstein, A. and Kifer, M.},
  isbn = {0-201-70872-8}
}

@article{hogg1992geneva,
  title={The Geneva convention on the treatment of object aliasing},
  author={Hogg, J. and Lea, D. and Wills, A. and deChampeaux, D. and Holt, R.},
  journal={ACM SIGPLAN OOPS Messenger},
  volume={3},
  number={2},
  pages={11--16},
  year={1992},
  publisher={ACM}
}

@article{bierman2005first,
  title={First-class relationships in an object-oriented language},
  author={Bierman, G. and Wren, A.},
  journal={ECOOP 2005-Object-Oriented Programming},
  pages={733--733},
  year={2005},
  publisher={Springer}
}

@article{noble1997basic,
  title={Basic relationship patterns},
  author={Noble, J.},
  journal={Pattern Languages of Program Design},
  volume={4},
  pages={73--94},
  year={1997}
}

@article{rumbaugh1987relations,
  title={Relations as semantic constructs in an object-oriented language},
  author={Rumbaugh, J.},
  journal={ACM Sigplan Notices},
  volume={22},
  number={12},
  pages={466--481},
  year={1987},
  publisher={ACM}
}

@article{shah1989dsm,
  title={DSM: an object-relationship modeling language},
  author={Shah, A.V. and Hamel, J.H. and Borsari, R.A. and Rumbaugh, JE},
  journal={ACM Sigplan Notices},
  volume={24},
  number={10},
  pages={191--202},
  year={1989},
  publisher={ACM}
}

@inproceedings{chamberlin1974sequel,
  title={SEQUEL: A structured English query language},
  author={Chamberlin, D.D. and Boyce, R.F.},
  booktitle={Proceedings of the 1974 ACM SIGFIDET (now SIGMOD) workshop on Data description, access and control},
  pages={249--264},
  year={1974},
  organization={ACM}
}

@inproceedings{o2008object,
  title={Object/relational mapping 2008: hibernate and the entity data model (edm)},
  author={O'Neil, E.J.},
  booktitle={Proceedings of the 2008 ACM SIGMOD international conference on Management of data},
  pages={1351--1356},
  year={2008},
  organization={ACM}
}

@ONLINE{torque,
 title = {{Apache Torque}},
 month = may,
 year = 2012,
 url = {http://db.apache.org/torque/}
 note = {\texttt{http://db.apache.org/torque/}}
}

@ONLINE{fowler2008,
 title = {{FluidInterface}},
 month = june,
 year = 2008,
 url = {http://www.martinfowler.com/bliki/FluentInterface.html},
 note={\texttt{http://www.martinfowler.com/bliki/ FluentInterface.html}}
}

@ONLINE{vietnam2007,
 title = {The Vietnam of Computer Science},
 month = june,
 year = 2006,
 url = {http://blogs.tedneward.com/2006/06/26/The+Vietnam+Of+Computer+Science.aspx},
 note={\texttt{http://blogs.tedneward.com/2006/06/26/ The+Vietnam+Of+Computer+Science.aspx}}
}

@ONLINE{sql92,
 title = {{SQL-92} Specification (ISO/IEC 9075:1992, Database Language {SQL} - July 30, 1992)},
 month = jan,
 year = {2012},
 url = {http://www.contrib.andrew.cmu.edu/~shadow/sql/sql1992.txt},
 note={\texttt{http://www.contrib.andrew.cmu.edu/ $\sim$shadow/sql/sql1992.txt}}
}

@article{berenson1995critique,
  title={A critique of {ANSI SQL} isolation levels},
  author={Berenson, H. and Bernstein, P. and Gray, J. and Melton, J. and O'Neil, E. and O'Neil, P.},
  journal={ACM SIGMOD Record},
  volume={24},
  number={2},
  pages={1--10},
  year={1995},
  publisher={ACM}
}

@ONLINE{java6doc,
 title={{Javadoc}, {JavaSE} 6},
 month=jan,
 year={2012},
 url={http://docs.oracle.com/javase/6/docs/api/},
 note={\texttt{http://docs.oracle.com/javase/6/ docs/api/}}
}

@ONLINE{psm,
 title={{SQL/PSM} - Procedures Stored in the Database, General-Purpose Programming},
 url={http://infolab.stanford.edu/\~ullman/dscb/pslides/psm.ppt},
 note={\texttt{http://infolab.stanford.edu/$\sim$ullman/dscb/pslides/ psm.ppt}}
}

@inproceedings{bondi2000characteristics,
  title={Characteristics of scalability and their impact on performance},
  author={Bondi, A.B.},
  booktitle={Proceedings of the 2nd international workshop on Software and performance},
  pages={195--203},
  year={2000},
  organization={ACM}
}

@article{dieckmann1999study,
  title={A study of the allocation behavior of the SPECjvm98 Java benchmarks},
  author={Dieckmann, S. and H{\"o}lzle, U.},
  journal={ECOOP'99-Object-Oriented Programming},
  pages={668--668},
  year={1999},
  publisher={Springer}
}